% This file was created with Citavi 6.3.0.0

@misc{.,
 abstract = {Google is a powerhouse that continues to innovate and improve the virtual world. Check some of the most fascinating Google stats and facts.},
 title = {63 Fascinating Google Search Statistics (Updated 2019)},
 url = {https://seotribunal.com/blog/google-stats-and-facts/},
 urldate = {23.11.2019}
}


@misc{.b,
 abstract = {Chronologischer {\"U}berblick durch mehr als vierzig Jahre andauernde Erfolgsgeschichte der Genossenschaft.},
 title = {Geschichte der Datev},
 url = {https://www.datev.de/web/de/m/ueber-datev/das-unternehmen/geschichte/},
 urldate = {25.11.2019}
}


@misc{.2019,
 abstract = {Learn more about IBM CICS enterprise application servers with exceptional transactional performance and connectivity for mission-critical transactions.},
 year = {2019},
 title = {CICS Application Server Software for IBM Z},
 url = {https://www.ibm.com/it-infrastructure/z/cics},
 keywords = {cics;cics application server software;cics application servers;ibm z cics;z cics},
 urldate = {23.11.2019}
}


@misc{.2019b,
 abstract = {When the tax deadline is looming, you want to get everything sorted and submitted on time. So that its clients -- specialist tax consultants, auditors and lawyers -- can complete their customers' tax returns punctually, DATEV upgraded to the latest incarnation of the IBM{\circledR} Z{\circledR} platform, ensuring that service levels stay high even at times of peak demand.},
 year = {2019},
 title = {DATEV eG},
 url = {https://www.ibm.com/case-studies/datev-systems-hardware-mainframe-cobol-tax},
 keywords = {business case studies;case studies;Computer Services;customer references;Customer Testimonials;IBM Z: IBM z14;Storage: IBM DS8000},
 urldate = {25.11.2019}
}


@misc{.2019c,
 abstract = {Have you committed to migrate off your mainframe platform, in favor of alternative solutions?~ If you have, you are not alone.~ As powerful as this platform is, clients dependent on this technology commonly look for ways to reduce costs and their mainframe is an easy target.~ However, many off-platform migrations have been going on for $\ldots$ Continue reading {\textquotedbl}Thoughts on IBM Z Systems Off-Platform Migrations{\textquotedbl}},
 year = {2019},
 title = {Thoughts on IBM Z Systems Off-Platform Migrations - Evolving Solutions},
 url = {https://www.evolvingsol.com/2019/08/29/thoughts-on-ibm-z-systems-off-platform-migrations/},
 keywords = {IBM z;mainframe;Mainframe Modernization},
 urldate = {23.11.2019}
}


@book{Ceruzzi.2003,
 author = {Ceruzzi, Paul E.},
 year = {2003},
 title = {A history of modern computing},
 url = {http://www.e-streams.com/es0702/es0702_3009.html},
 keywords = {1945-1995;Computer;Computerindustrie;Computers;Datenverarbeitung;Electronic data processing;Geschichte;History;USA},
 address = {Cambridge, Mass.},
 edition = {2. ed.},
 publisher = {{MIT Press}},
 isbn = {9780262532037},
 series = {History of computing}
}


@misc{https:www.facebook.comcomputerweekly.de.,
 abstract = {Vor allem bew{\"a}hrte Applikationen wie Datenbanken laufen zur Zufriedenheit der DATEV auf Mainframes. Dennoch wird der {\"u}brige IT-Markt genau beobachtet.},
 title = {Warum die DATEV Datenbanken immer noch auf Mainframes betreibt},
 url = {https://www.computerweekly.com/de/feature/Warum-die-DATEV-Datenbanken-immer-noch-auf-Mainframes-betreibt},
 urldate = {25.11.2019}
}


@misc{Kramer.2014,
 abstract = {~Riesig, laut und stark: So pr{\"a}sentierte sich der erste Gro{\ss}rechner bei seiner Weltpremiere vor f{\"u}nfzig Jahren. Er war der unumstrittene Platzhirsch, be},
 author = {Kr{\"a}mer, Armin},
 year = {2014},
 title = {Mainframe: Totgesagte leben (viel) l{\"a}nger},
 url = {https://www.digitalbusiness-cloud.de/mainframe-totgesagte-leben-viel-laenger/},
 keywords = {Cloud Computing (PaaS / IaaS / SaaS);Data Warehouse;Rechenzentrum},
 urldate = {25.11.2019}
}


@misc{StewartAlsop.1993,
 abstract = {InfoWorld is targeted to Senior IT professionals.  Content is segmented into Channels and Topic Centers. InfoWorld also celebrates people, companies, and projects.},
 author = {{Stewart Alsop}},
 year = {1993},
 title = {InfoWorld},
 url = {https://books.google.de/books?id=XTwEAAAAMBAJ&pg=PA4&lpg=PA4&dq=IBM+still+has+the+brains+to+be+a+player+in+client/server+platforms&source=bl&ots=i4NIGeDRlf&sig=_FOAYAW9J2x5xymsaScKEwo4g3Q&hl=en&sa=X&ei=mVarVKf0NcycNry-gsAO&redir_esc=y#v=onepage&q&f=false},
 urldate = {25.11.2019}
}


@misc{VogelCommunicationsGroupGmbH&Co.KG.,
 abstract = {Mainframe aufs Abstellgleis? Das scheint ein Motto von gestern zu sein. In vielen Unternehmen entdeckt man den IBM-Gro{\ss}rechner als zuverl{\"a}ssige Plattform f{\"u}r moderne Anwendungen wieder.},
 author = {{Vogel Communications Group GmbH {\&} Co. KG}},
 title = {{\glqq}Das Management verwendet jetzt die Worte Mainframe und Innovation in einem Satz.{\grqq}},
 url = {https://www.datacenter-insider.de/das-management-verwendet-jetzt-die-worte-mainframe-und-innovation-in-einem-satz-a-730612/},
 urldate = {25.11.2019}
}


@misc{IBM.,
 author = {IBM},
 title = {Using IBM z/OS Provisioning Toolkit},
 file = {Using IBM zos Provisioning Toolkit 17102019pdf.pdf}
}


@book{Kuhnapfel.2019,
 author = {K{\"u}hnapfel, J{\"o}rg B.},
 year = {2019},
 title = {Nutzwertanalysen in Marketing und Vertrieb},
 url = {http://www.springer.com/},
 price = {(Festeinband : EUR 14.99 (DE), EUR 15.41 (AT), CHF 17.00 (freier Preis))},
 address = {Wiesbaden},
 edition = {2. Auflage 2019},
 publisher = {{Springer Fachmedien Wiesbaden GmbH}},
 isbn = {9783658251642},
 series = {essentials},
 institution = {{Springer Fachmedien Wiesbaden GmbH}},
 file = {http://deposit.dnb.de/cgi-bin/dokserv?id=e245f42111794a028ba6a332c7cccecb&prov=M&dok_var=1&dok_ext=htm}
}


@book{Rogers.2011,
 abstract = {VTAM},
 author = {Rogers, Paul},
 year = {2011},
 title = {ABCs of z/OS system programming: Volume 4},
 url = {http://proquest.tech.safaribooksonline.de/073843499X},
 keywords = {Operating systems (Computers)},
 address = {Poughkeepsie, N.Y.?},
 publisher = {{IBM International Technical Support Organization}},
 isbn = {9780738434995},
 series = {IBM redbooks},
 institution = {{International Business Machines Corporation}},
 file = {http://proquest.safaribooksonline.com/073843499X}
}


